@book{kaipio2006statistical,
  title={Statistical and computational inverse problems},
  author={Kaipio, Jari and Somersalo, Erkki},
  volume=160,
  year=2006,
  publisher={Springer Science \& Business Media}
}

@article{hadamard,
    author = {Hadamard, Jacques},
    citeulike-article-id = 7133163,
    journal = {Princeton University Bulletin},
    keywords = {ill-posed, problem},
    pages = {49--52},
    posted-at = {2010-05-07 01:16:41},
    priority = 2,
    title = {{Sur les probl\`{e}mes aux d\'{e}riv\'{e}s partielles et leur signification physique}},
    volume = 13,
    year = 1902
}

@article{stuart_2010,
  title={Inverse problems: A Bayesian perspective},
  volume=19,
  DOI={10.1017/S0962492910000061},
  journal={Acta Numerica},
  publisher={Cambridge University Press},
  author={Stuart, A. M.},
  year=2010,
  pages={451â€“559}
}

@book{liu2008monte,
  title={Monte Carlo strategies in scientific computing},
  author={Liu, Jun S},
  year={2008},
  publisher={Springer Science \& Business Media}
}

@article{chopin_2002,
  author = {Chopin, Nicolas},
  title = {A sequential particle filter method for static models},
  journal = {Biometrika},
  volume = {89},
  number = {3},
  pages = {539-552},
  year = {2002},
  doi = {10.1093/biomet/89.3.539},
  URL = { + http://dx.doi.org/10.1093/biomet/89.3.539},
  eprint = {/oup/backfile/content_public/journal/biomet/89/3/10.1093/biomet/89.3.539/2/890539.pdf}
}

@article {del_moral_2006,
  author = {Del Moral, Pierre and Doucet, Arnaud and Jasra, Ajay},
  title = {Sequential Monte Carlo samplers},
  journal = {Journal of the Royal Statistical Society: Series B (Statistical Methodology)},
  volume = {68},
  number = {3},
  publisher = {Blackwell Publishing Ltd},
  issn = {1467-9868},
  url = {http://dx.doi.org/10.1111/j.1467-9868.2006.00553.x},
  doi = {10.1111/j.1467-9868.2006.00553.x},
  pages = {411--436},
  keywords = {Importance sampling, Markov chain Monte Carlo methods, Ratio of normalizing constants, Resampling, Sequential Monte Carlo methods, Simulated annealing},
  year = {2006},
}

@article{bayes-tutorial,
  author = {Moritz Allmaras and Wolfgang Bangerth and Jean Marie Linhart and Javier Polanco and Fang Wang and Kainan Wang and Jennifer Webster and Sarah Zedler},
  title = {Estimating Parameters in Physical Models through Bayesian Inversion:  A Complete Example},
  journal = {SIAM Review},
  volume = 55,
  number = 1,
  pages = {149-167},
  year = 2013,
  doi = {10.1137/100788604},
  URL = {https://doi.org/10.1137/100788604},
  eprint = {https://doi.org/10.1137/100788604}
}